@Online{key-1,
  Institution = {Автор24},
  Title = {{Математическое моделирование как метод познания}},
  URL = {https://spravochnick.ru/lektoriy/matematicheskoe-modelirovanie-kak-metod-poznaniya/#:~:text=Моделирование%20–%20метод%20познания%20окружающего,данного%20исследования%20типичные%20его%20черты},
  Year = 2023,
  Language = {},
  numpages = {},
  EPrintClass = {},
  EPrintType = {}
}

@Online{key-2,
  Institution = {Студопедия.Нет},
  Title = {{Математическое моделирование}},
  URL = {https://studopedia.net/18_20178_matematicheskoe-modelirovanie.html},
  Year = 2023,
  Language = {},
  numpages = {},
  EPrintClass = {},
  EPrintType = {}
}
