@Online{key-1,
  Institution = {Научный журнал "Успехи современного естествознания"},
  Title = {{ДИНАМИЧЕСКАЯ МОДЕЛЬ КОНКУРЕНЦИИ ДВУХ ФИРМ НА ОДНОРОДНОМ РЫНКЕ}},
  URL = {https://natural-sciences.ru/ru/article/view?id=14730},
  Year = 2003,
  Language = {},
  numpages = {},
  EPrintClass = {},
  EPrintType = {}
}

@Book{key-2,
  Address = {Москва},
  Author = {Чернавский, Щербаков, Зульпукаров},
  Title = {{Модель конкуренции}},
  Year = 2006,
  EPrintClass = {},
  EPrintType = {}
}

@Online{key-3,
  Institution = {Российский университет дружбы народов им. Патриса Лумумбы},
  Title = {{Лабораторная работа №8}},
  URL = {https://esystem.rudn.ru/pluginfile.php/1971745/mod_resource/content/2/Лабораторная%20работа%20№%207.pdf},
  Year = 2023,
  Language = {},
  numpages = {},
  EPrintClass = {},
  EPrintType = {}
}
