@Online{key-1,
  Institution = {EPIDEMIOLOG.RU},
  Title = {{История Мировых эпидемий}},
  URL = {https://www.epidemiolog.ru/all_of_epidemics/detail.php?ID=2003671},
  Year = 2023,
  Language = {},
  numpages = {},
  EPrintClass = {},
  EPrintType = {}
}

@Online{key-2,
  Institution = {truEngineer},
  Title = {{Минимально полезная модель}},
  URL = {https://truengineer.github.io/2020-04-25-sir-model/},
  Year = 2020,
  Language = {},
  numpages = {},
  EPrintClass = {},
  EPrintType = {}
}

@Online{key-3,
  Institution = {Российский университет дружбы народов},
  Title = {{Лабораторная работа №6}},
  URL = {https://esystem.rudn.ru/pluginfile.php/1971737/mod_resource/content/2/Лабораторная%20работа%20№%205.pdf},
  Year = 2023,
  Language = {},
  numpages = {},
  EPrintClass = {},
  EPrintType = {}
}
