@Online{key-1,
  Institution = {Мегаобучалка},
  Title = {{Гармонические колебания и их характеристики. Дифференциальное уравнение гармонических колебаний}},
  URL = {https://megaobuchalka.ru/5/13199.html},
  Year = 2023,
  Language = {},
  numpages = {},
  EPrintClass = {},
  EPrintType = {}
}

@Online{key-2,
  Institution = {StudFiles},
  Title = {{Гармонические колебания. Идеальный гармонический осциллятор}},
  URL = {https://studfile.net/preview/9596363/page:5/},
  Year = 2023,
  Language = {},
  numpages = {},
  EPrintClass = {},
  EPrintType = {}
}

@Online{key-3,
  Institution = {Российский университет дружбы народов},
  Title = {{Лабораторная работа №4}},
  URL = {https://esystem.rudn.ru/pluginfile.php/1971729/mod_resource/content/2/Лабораторная%20работа%20№%203.pdf},
  Year = 2023,
  Language = {},
  numpages = {},
  EPrintClass = {},
  EPrintType = {}
}
