@Online{key-1,
  Institution = {Про уравнения - легко},
  Title = {{Уравнение Лотки-Вольтерры для моделирования хищничества}},
  URL = {https://al-shell.ru/articles/uravnenie-lotki-volterry-dlya-modelirovaniya-hischnichestva/},
  Year = 2023,
  Language = {},
  numpages = {},
  EPrintClass = {},
  EPrintType = {}
}

@Online{key-2,
  Institution = {Электронный научно-практический журнал «Современные научные исследования и инновации»},
  Title = {{Компьютерная модель "хищник-жертва"}},
  URL = {https://web.snauka.ru/issues/2017/01/77530},
  Year = 2017,
  Language = {},
  numpages = {},
  EPrintClass = {},
  EPrintType = {}
}

@Online{key-3,
  Institution = {Российский университет дружбы народов},
  Title = {{Лабораторная работа №5}},
  URL = {https://esystem.rudn.ru/pluginfile.php/1971733/mod_resource/content/2/Лабораторная%20работа%20№%204.pdf},
  Year = 2023,
  Language = {},
  numpages = {},
  EPrintClass = {},
  EPrintType = {}
}