@Online{key-1,
  Institution = {Российский университет дружбы народов},
  Title = {{Лабораторная работа №3}},
  URL = {https://esystem.rudn.ru/pluginfile.php/1971725/mod_resource/content/2/Лабораторная%20работа%20№%202.pdf},
  Year = 2023,
  Language = {},
  numpages = {},
  EPrintClass = {},
  EPrintType = {}
}
