@Online{key-1,
  Institution = {Справочник Автор24},
  Title = {{Основные модели проведения рекламных компаний}},
  URL = {https://spravochnick.ru/reklama_i_pr/reklamnye_kampanii/osnovnye_modeli_provedeniya_reklamnyh_kampaniy/},
  Year = 2019,
  Language = {},
  numpages = {},
  EPrintClass = {},
  EPrintType = {}
}


@Online{key-2,
  Institution = {Студопедия},
  Title = {{Модель рекламной компании}},
  URL = {https://studopedia.info/1-84965.html},
  Year = 2014,
  Language = {},
  numpages = {},
  EPrintClass = {},
  EPrintType = {}
}

@Online{key-3,
  Institution = {Российский университет дружбы народов им. Патриса Лумумбы},
  Title = {{Лабораторная работа №7}},
  URL = {https://esystem.rudn.ru/pluginfile.php/1971741/mod_resource/content/2/Лабораторная%20работа%20№%206.pdf},
  Year = 2023,
  Language = {},
  numpages = {},
  EPrintClass = {},
  EPrintType = {}
}
